<record><leader>00000cas a22000007a 4500</leader><controlfield tag="001">746008017</controlfield><controlfield tag="008">110809c20009999paudr ne      0    0eng  </controlfield><datafield ind1=" " ind2=" " tag="010"><subfield code="a">  2011218532</subfield></datafield><datafield ind1=" " ind2=" " tag="040"><subfield code="a">DLC</subfield><subfield code="b">eng</subfield><subfield code="c">DLC</subfield><subfield code="d">DLC</subfield><subfield code="d">OCLCF</subfield><subfield code="d">CUS</subfield><subfield code="d">OCL</subfield><subfield code="d">CUS</subfield></datafield><datafield ind1=" " ind2=" " tag="042"><subfield code="a">msc</subfield></datafield><datafield ind1=" " ind2=" " tag="043"><subfield code="a">n-us-pa</subfield></datafield><datafield ind1="0" ind2="0" tag="050"><subfield code="a">Newspaper</subfield></datafield><datafield ind1=" " ind2="4" tag="050"><subfield code="a">AN</subfield></datafield><datafield ind1="0" ind2="0" tag="245"><subfield code="a">Pittsburgh tribune-review.</subfield></datafield><datafield ind1="3" ind2="0" tag="246"><subfield code="a">Tribune review</subfield></datafield><datafield ind1="1" ind2=" " tag="246"><subfield code="i">Sunday issue called:</subfield><subfield code="a">Pittsburgh Sunday tribune-review</subfield><subfield code="f">&lt;Jan. 2, 2000-Nov., 2010&gt;</subfield></datafield><datafield ind1="1" ind2=" " tag="246"><subfield code="i">Sunday issue called:</subfield><subfield code="a">Sunday tribune-review</subfield><subfield code="f">&lt;Dec. 5, 2010-&gt;</subfield></datafield><datafield ind1=" " ind2=" " tag="260"><subfield code="a">Pittsburgh, Pa. :</subfield><subfield code="b">Tribune-Review Pub. Co.</subfield></datafield><datafield ind1=" " ind2=" " tag="300"><subfield code="a">1 online resource</subfield></datafield><datafield ind1=" " ind2=" " tag="310"><subfield code="a">Daily</subfield></datafield><datafield ind1=" " ind2=" " tag="336"><subfield code="a">text</subfield><subfield code="b">txt</subfield><subfield code="2">rdacontent</subfield></datafield><datafield ind1=" " ind2=" " tag="337"><subfield code="a">unmediated</subfield><subfield code="b">n</subfield><subfield code="2">rdamedia</subfield></datafield><datafield ind1=" " ind2=" " tag="338"><subfield code="a">volume</subfield><subfield code="b">nc</subfield><subfield code="2">rdacarrier</subfield></datafield><datafield ind1="1" ind2=" " tag="362"><subfield code="a">Began with Jan. 1, 2000?</subfield></datafield><datafield ind1=" " ind2=" " tag="500"><subfield code="a">"Worthy of Western Pennsylvania."</subfield></datafield><datafield ind1=" " ind2=" " tag="500"><subfield code="a">Published: Greensburg, Pa. &lt;Dec. 1, 2010-&gt;</subfield></datafield><datafield ind1=" " ind2=" " tag="500"><subfield code="a">Publisher: Trib Total Media, &lt;Dec. 1, 2010-&gt;</subfield></datafield><datafield ind1=" " ind2=" " tag="500"><subfield code="a">Description based on print version record.</subfield></datafield><datafield ind1=" " ind2="0" tag="651"><subfield code="a">Pittsburgh (Pa.)</subfield><subfield code="v">Newspapers.</subfield></datafield><datafield ind1=" " ind2="0" tag="651"><subfield code="a">Allegheny County (Pa.)</subfield><subfield code="v">Newspapers.</subfield></datafield><datafield ind1=" " ind2="0" tag="651"><subfield code="a">Greensburg (Pa.)</subfield><subfield code="v">Newspapers.</subfield></datafield><datafield ind1=" " ind2="0" tag="651"><subfield code="a">Westmoreland County (Pa.)</subfield><subfield code="v">Newspapers.</subfield></datafield><datafield ind1=" " ind2="7" tag="651"><subfield code="a">Pennsylvania</subfield><subfield code="z">Allegheny County.</subfield><subfield code="2">fast</subfield><subfield code="0">(OCoLC)fst01209250</subfield></datafield><datafield ind1=" " ind2="7" tag="651"><subfield code="a">Pennsylvania</subfield><subfield code="z">Greensburg.</subfield><subfield code="2">fast</subfield><subfield code="0">(OCoLC)fst01210363</subfield></datafield><datafield ind1=" " ind2="7" tag="651"><subfield code="a">Pennsylvania</subfield><subfield code="z">Pittsburgh.</subfield><subfield code="2">fast</subfield><subfield code="0">(OCoLC)fst01205171</subfield></datafield><datafield ind1=" " ind2="7" tag="651"><subfield code="a">Pennsylvania</subfield><subfield code="z">Westmoreland County.</subfield><subfield code="2">fast</subfield><subfield code="0">(OCoLC)fst01204997</subfield></datafield><datafield ind1=" " ind2="7" tag="655"><subfield code="a">Newspapers</subfield><subfield code="2">fast</subfield><subfield code="0">(OCoLC)fst01423814</subfield></datafield><datafield ind1=" " ind2=" " tag="752"><subfield code="a">United States</subfield><subfield code="b">Pennsylvania</subfield><subfield code="c">Westmoreland</subfield><subfield code="d">Greensburg.</subfield></datafield><datafield ind1=" " ind2=" " tag="752"><subfield code="a">United States</subfield><subfield code="b">Pennsylvania</subfield><subfield code="c">Allegheny</subfield><subfield code="d">Pittsburgh.</subfield></datafield><datafield ind1="1" ind2=" " tag="775"><subfield code="t">Tribune-review (Greensburg, Pa.)</subfield><subfield code="w">(DLC)sn 87078599</subfield><subfield code="w">(OCoLC)17240557</subfield></datafield><datafield ind1="0" ind2="8" tag="776"><subfield code="i">Online version:</subfield><subfield code="t">Pittsburgh Tribune Review</subfield><subfield code="w">(OCoLC)664151553</subfield></datafield><datafield ind1="4" ind2="1" tag="856"><subfield code="u">http://www.triblive.com</subfield></datafield><datafield ind1="4" ind2="1" tag="856"><subfield code="u">http://search.ebscohost.com/login.aspx?direct=true&amp;db=nfh&amp;jn=Pittsburgh+Tribune+Review+(PA)&amp;site=ehost-live&amp;scope=site</subfield></datafield><datafield ind1="4" ind2="1" tag="856"><subfield code="3">LexisNexis Academic</subfield><subfield code="u">http://www.lexisnexis.com/hottopics/lnacademic/?verb=sr&amp;csi=279079</subfield></datafield></record>